@book{adams1995hitchhiker,
  title={The Hitchhiker's Guide to the Galaxy},
  author={Adams, D.},
  isbn={9781417642595},
  url={http://books.google.com/books?id=W-xMPgAACAAJ},
  year={1995},
  publisher={San Val}
}

@InProceedings{Approx,
	author = {},
	title = {},
	year = {}
}

@inproceedings{NYUZI,
	author = {Bush, Jeff},
	title = {Nyuzi GPGPU - Github Repository},
	note = {\url{https://github.com/jbush001/NyuziProcessor}},
}

@article{Mittal:2016:STA:2891449.2893356,
 author = {Mittal, Sparsh},
 title = {A Survey of Techniques for Approximate Computing},
 journal = {ACM Comput. Surv.},
 issue_date = {May 2016},
 volume = {48},
 number = {4},
 month = mar,
 year = {2016},
 issn = {0360-0300},
 pages = {62:1--62:33},
 articleno = {62},
 numpages = {33},
 url = {http://doi.acm.org/10.1145/2893356},
 doi = {10.1145/2893356},
 acmid = {2893356},
 publisher = {ACM},
 address = {New York, NY, USA},
 keywords = {CPU, FPGA, GPU, Review, approximate computing technique (ACT), approximate storage, classification, neural networks, quality configurability},
}

@article{Seiler:2008:LMX:1360612.1360617,
 author = {Seiler, Larry and Carmean, Doug and Sprangle, Eric and Forsyth, Tom and Abrash, Michael and Dubey, Pradeep and Junkins, Stephen and Lake, Adam and Sugerman, Jeremy and Cavin, Robert and Espasa, Roger and Grochowski, Ed and Juan, Toni and Hanrahan, Pat},
 title = {Larrabee: A Many-core x86 Architecture for Visual Computing},
 journal = {ACM Trans. Graph.},
 issue_date = {August 2008},
 volume = {27},
 number = {3},
 month = aug,
 year = {2008},
 issn = {0730-0301},
 pages = {18:1--18:15},
 articleno = {18},
 numpages = {15},
 url = {http://doi.acm.org/10.1145/1360612.1360617},
 doi = {10.1145/1360612.1360617},
 acmid = {1360617},
 publisher = {ACM},
 address = {New York, NY, USA},
 keywords = {GPGPU, SIMD, graphics architecture, many-core computing, parallel processing, realtime graphics, software rendering, throughput computing, visual computing},
} 

@online{Nyuzi,
  author = {Jeff Bush},
  title = {Nyuzi GPGPU},
  url = {https://nyuzi.org/},
  urldate = {2019-11-24}
}
@online{NyuziKessler,
  author = {M. Kessler and J. Blatnik and I. Daktylidis and J. Ferdigg and D. Haslauer and E. Willegger},
  title = {Nyuzi GPGPU},
  url = {https://github.com/mkessler001/NyuziProcessor},
  urldate = {2019-11-24}
}


@INPROCEEDINGS{7974112,
author={D. {Esposito} and A. G. M. {Strollo} and M. {Alioto}},
booktitle={2017 13th Conference on Ph.D. Research in Microelectronics and Electronics (PRIME)},
title={Low-power approximate MAC unit},
year={2017},
volume={},
number={},
pages={81-84},
keywords={counting circuits;digital circuits;logic gates;low-power electronics;low-power approximate MAC unit;digital circuit performance;approximate multiply-and-accumulate unit;approximate MAC unit;MAC partial product;simple-OR gates;approximate counters;energy saving;partial product terms;compensation term;overall approximation error;2D convolution;TSMC technology;image quality degradation;Logic gates;Kernel;Image coding;Approximation error;Convolution;Digital circuits;Two dimensional displays;Approximate computing;Truncated multipliers;Approximate MAC Unit;Imprecise hardware;Error compensation},
doi={10.1109/PRIME.2017.7974112},
ISSN={null},
month={June},}